
%%% 
%%% BOOKS
%%%
@Book{batchelor_1967,
  author = 	 {G.K. Batchelor},
  title = 	 {An Introduction to Fluid Dynamics},
  publisher = 	 {Cambridge University Press},
  year = 	 {1967}
}
%
@Book{ferziger_2002,
  author = 	 {J.H. Ferziger and M. Peric},
  title = 	 {Computational Methods for Fluid Dynamics},
  publisher = 	 {Springer-Verlag},
  year = 	 {2002}
}
%
@Book{michelsen_2007,
  author = 	 {M.L. Michelsen and J.M. Mollerup},
  title = 	 {Thermodynamic Models: Fundamentals $\&$ Computational Aspects},
  publisher = 	 {Tie-Line Publications},
  year = 	 {2007}
}
%
@Book{claes_1987,
  author = 	 {C. Johnson},
  title = 	 {Numerical solution of partial differential equations by the finite element method},
  publisher = 	 {Cambridge University Press},
  year = 	 {1987}
}
%
@Book{hirsch_1990,
  author = 	 {C. Hirsch},
  title = 	 {Numerical computation of internal and external flows -- Volume 2: Computational methods for inviscid and viscous flows},
  publisher = 	 {John Wiley},
  year = 	 {1990}
}
%
@Book{bear_1972,
  author = 	 {J. Bear},
  title = 	 {Dynamics of Fluids in Porous Media},
  publisher = 	 {Dover Publications},
  year = 	 {1972}
}
%
@Book{helmig_1997,
  author = 	 {R. Helmig},
  title = 	 {Multiphase Flow and Transport Processes in the Subsurface},
  publisher = 	 {Springer-Verlag},
  year = 	 {1997}
}
%
@Book{press_2008,
  author = 	 {W.H. Press and S.A. Teukolsky and W.T. Vetterling and B.P. Flannery},
  title = 	 {Numerical Recipes: The Art of Scientific Computing},
  publisher = 	 {Cambridge University Press},
  year = 	 {2008}
}
%
@Book{ahmed_2005,
  author = 	 {T. Ahmed and P.D. McKinney},
  title = 	 {Advanced Reservoir Engineering},
  publisher = 	 {Gulf Professional Publishing},
  year = 	 {2005}
}
%
@InBook{brooks_1964,
  author = 	 {R.H. Brooks, A.T. Corey},
  title = 	 {Hydrology Papers},
  chapter = 	 {Hydraulic properties of porous media},
  publisher = 	 {Colorado State University},
  year = 	 {1964},
  volume = 	 {3}
}
%
@InBook{trefethen_2008,
  author = 	 {L.N. Trefethen},
  editor = 	 {T. Gowers},
  title = 	 {Princeton Companion to Mathematics},
  chapter = 	 {Numerical Analysis},
  publisher = 	 {Princeton University Press},
  year = 	 {2008}
}
%
@Book{roache_1998,
  author = 	 {P.J. Roache},
  title = 	 {Verification and Validation in Computational Science and Engineering},
  publisher = 	 {Hermosa Publishers},
  year = 	 {1998}
}


@Book{Orr_2007,
  author = 	 {F.M. Orr},
  title = 	 {Theory of Gas Injection Processes},
  publisher = 	 {Tie-Line Publications},
  year = 	 {2007},
  OPTkey = 	 {},
  OPTvolume = 	 {},
  OPTnumber = 	 {},
  OPTseries = 	 {},
  address = 	 {Copenhagen, Denmark}
  OPTedition = 	 {},
  OPTmonth = 	 {},
  OPTnote = 	 {},
  OPTannote = 	 {}
}


%
%%%
%%% THESIS
%%%
@MastersThesis{ahmed_msc_2004,
  author = 	 {R. Ahmed},
  title = 	 {Numerical Schemes Applied to the Burgers and Buckley-Leverett Equations},
  school = 	 {Department of Mathematics, University of Reading},
  year = 	 {2004},
  month = 	 {September}
}
%
@MastersThesis{wille_msc_2009,
  author = 	 {J. Wille},
  title = 	 {Discontinuous Galerkin applied to a generic two-phase flow model in a porous medium},
  school = 	 {Institute of Applied Mathematics, Delft University of Technology},
  year = 	 {2009}
}
%
@PhdThesis{sollie_phd_2010,
  author = 	 {W.E.H. Sollie},
  title = 	 {Space-Time Discontinuous Galerkin Finite Element Method for Two-Fluid Flows},
  school = 	 {Universiteit Twente},
  year = 	 {2010}
}
%
@PhdThesis{cordazzo_2006,
  author = 	 {J. Cordazzo},
  title = 	 {Reservoir Simulators using Element-based Finite Volume Method (EbFVM) and Multigrid Methods},
  school = 	 {Department of Mechanical Engineering, Federal University of Santa Catarina},
  year = 	 {2006},
  address = 	 {Florian\'opolis, Brazil},
  month = 	 {April},
  note = 	 {In Portuguese}
}
%%%
%%% ARTICLES
%%%


@Article{hughes_1986,
  author = 	 {T.J.R. Hughes and M. Mallet},
  title = 	 {A new Finite Element Formulation for Computational Fluid Dynamics -- IV. A Discontinuity-Capturing operator for Multi-Dimensional Advection-Diffusion Systems},
  journal = 	 {Comput. Meths. Appl. Mech. Engrg},
  year = 	 {1986},
  volume = 	 {58},
  pages = 	 {329-336}
}
%
@Article{jasak_1999,
  author = 	 {H. Jasak and H.G. Weller and A.D. Gosman},
  title = 	 {High resolution NVD differencing scheme for arbitrarily unstructured meshes},
  journal = 	 {International Journal of Numerical Methods in Fluids},
  year = 	 {1999},
  volume = 	 {31},
  pages = 	 {431-449}
}
%
@Article{piperno_1998,
  author = 	 {S. Piperno and S. Depeyre},
  title = 	 {Criteria for the design of limiters yielding efficient high resolution TVD schemes},
  journal = 	 {Computers and Fluids},
  year = 	 {1998},
  volume = 	 {27},
  pages = 	 {183-197}
}
%
@Article{mizukami_1985,
  author = 	 {A. Mizukami and T.J.R. Hughes},
  title = 	 {A Petrov-Galerkin Finite Element Method for Convection-Dominated Flows: An accurate Upwinding Technique for Satisfying the Maximum Principle},
  journal = 	 {Comput. Meths. Appl. Mech. Engrg.},
  year = 	 {1985},
  volume = 	 {50},
  pages = 	 {181-210}
}
%
@Article{saad_1986,
  author = 	 {Y. Saad and M. H. Schultz},
  title = 	 {GMRES: A Generalized Minimal Residual Algorithm for Solving Non-Symmetric Linear Systems},
  journal = 	 {SIAM Journal on Scientific and Statistical Computing},
  year = 	 {1986},
  volume = 	 {7},
  pages = 	 {836-869}
}
%
@Article{darwish_1993,
  author = 	 {M.S. Darwish},
  title = 	 {A New High-Resolution Scheme Based on the Normalized Variable Formulation},
  journal = 	 {Numerical Heat Tranfer -- Part B},
  year = 	 {1993},
  volume = 	 {24},
  pages = 	 {353-371}
}
%
@Article{pain_2001b,
  author = 	 {C.C. Pain and C.R.E. de Oliveira and A.J.H. Goddard and A.P. Umpleby},
  title = 	 {Criticality Behaviour of Dilute Plutonium Solutions},
  journal = 	 {Nuclear Science and Technology},
  year = 	 {2001b},
  volume = 	 {30},
  pages = 	 {194-214}
}
%
@Article{gomes_2008,
  author = 	 {J.L.M.A. Gomes and C.C. Pain and M.D. Eaton and M.D. Piggott and A.J.H. Goddard and A.K. Ziver and Y. Yamane},
  title = 	 {Modelling of Criticality within a MOX Powder System -- Coupled Neutronics and Thermofluids Dynamics Model},
  journal = 	 {Annals of Nuclear Engineering},
  year = 	 {2008},
  volume = 	 {35},
  pages = 	 {2073-2092}
}
%
@Article{cotter_2009a,
  author = 	 {C.J. Cotter and D.A. Ham and C.C, Pain and S. Reich},
  title = 	 {LBB stability of a mixed discontinuous/continuous Galerkin finite element pair},
  journal = 	 {Journal of Computational Physics},
  year = 	 {2009a},
  volume = 	 {228},
  pages = 	 {336-348}
}
%
@Article{cotter_2009b,
  author = 	 {C.J. Cotter and D.A. Ham and C.C, Pain},
  title = 	 {A mixed discontinuous/continuous finite element pair for shallow-water ocean modelling},
  journal = 	 {Ocean Modelling},
  year = 	 {2009b},
  volume = 	 {26},
  pages = 	 {86-90}
}
%
@Article{hassanizadeh_1993,
  author = 	 {M. Hassanizadeh and W.G. Gray},
  title = 	 {Thermodynamic basis of capillary pressure in porous media},
  journal = 	 {Water Resources Research},
  year = 	 {1993},
  volume = 	 {29},
  pages = 	 {3389-3405}
}
%
@Article{scheidegger_1961,
  author = 	 {A.E. Scheidegger},
  title = 	 {General theory of dispersion in porous media},
  journal = 	 {J. Geophys. Res.},
  year = 	 {1961},
  volume = 	 {66},
  pages = 	 {3273-3278}
}
%
@Article{vangenuchten_1980,
  author = 	 {M.T. Van Genuchten},
  title = 	 {A closed-form equation for predicting the hydraulic conductivity of unsaturated soils},
  journal = 	 {Soil Sci. Soc. Am. J.},
  year = 	 {1980},
  volume = 	 {44},
  pages = 	 {892-898}
}
%
@Article{proskurowski_1981,
  author = 	 {W. Proskurowski}
  title = 	 {A Note on Solving the Buckley-Leverett Equation in the Presence of Gravity},
  journal = 	 {\JCP},
  year = 	 {1981},
  volume = 	 {41},
  pages = 	 {136-141}
}
%
@Article{bayada_2006,
  author = 	 {G. Bayada and S. Martin and C. V\'azquez}
  title = 	 {About a generalized Buckley-Leverett equation and lubrication multifluid flow},
  journal = 	 {European Journal of Applied Mathematics},
  year = 	 {2006},
  volume = 	 {17},
  pages = 	 {491-524}
}
%
@Article{girault_2008,
  author = 	 {V. Girault and S. Sun and M. Wheeler and I. Yotov}
  title = 	 {Coupling Discontinuous Galerkin and Mixed Finite Element Discretizations using Mortar Finite Elements},
  journal = 	 {SIAM Journal on Numerical Analysis},
  year = 	 {2008},
  volume = 	 {46},
  pages = 	 {949-979}
}
%
@Article{agca_1990,
  author = 	 {C. Agca and G.A. Pope and K. Sepehrnoori}
  title = 	 {Modelling and Analysis of Tracer Flow in Oil Reservoirs},
  journal = 	 {\JPSE},
  year = 	 {1990},
  volume = 	 {4},
  pages = 	 {3-19}
}
%
@Article{delshad_1989,
  author = 	 {M.Delshad and G.A. Pope},
  title = 	 {Comparison if the Three-Phase Oil Relative Permeability Models},
  journal = 	 {\TPM},
  year = 	 {1989},
  volume = 	 {4},
  pages = 	 {59-83}
}
%
@Article{shi_2009,
  author = 	 {X. Shi and Y-B. Chang and M. Muller and E. Obi and K-T. Lim},
  title = 	 {A General Unstructured Grid, Parallel, Thermal Simulator and its Application for Large Scale Thermal Models},
  journal = 	 {SPE},
  year = 	 {2009},
  volume = 	 {119172}
}
%
@Article{liu_2008,
  author = 	 {K. Liu and G. Subramanian and D.I. Dratler and J.P. Lebel and J.A. Yerian},
  title = 	 {A General Unstructured-Grid, Equation-of-State-Based, Fully Implicit Thermal Simulator for Complex Reservoir Processes},
  journal = 	 {SPE},
  year = 	 {2008},
  volume = 	 {106073}
}
%
@Article{yadecuri_2009,
  author = 	 {M.E. Yadecuri and H. Mahani},
  title = 	 {Unstructured Coarse Grid Generation for Reservoir Flow Simulation Using Background Grid Approach},
  journal = 	 {SPE},
  year = 	 {2009},
  volume = 	 {120170}
}
%
@Article{sun_2005,
  author = 	 {S. Sun and X. Gai and M.F. Wheeler},
  title = 	 {Streamline Tracing on Unstructured Grids},
  journal = 	 {SPE},
  year = 	 {2005},
  volume = 	 {96947}
}
%
@Article{verma_2009,
  author = 	 {S. Verma and B. Adibhatla and A. Leahy-Dios and T. Willingham},
  title = 	 {Modeling Improved Recovery Methods in an Unstructured Grid Simulator},
  journal = 	 {IPTC},
  year = 	 {2009},
  volume = 	 {IPTC 13920}
}
%
@Article{shaalan_2009,
  author = 	 {T.M. Al-Shaalan and H. Klie and A.H. Dogru and M.F. Wheeler},
  title = 	 {Studies of Robust Two Stage Preconditioners for the Solution of Fully Implicit Multiphase Flow Problems},
  journal = 	 {SPE},
  year = 	 {2009},
  volume = 	 {118722}
}
%
@Article{fung_2007,
  author = 	 {L.S.K. Fung and A.H. Dogru},
  title = 	 {Parallel Unstructured Solver Methods for Complex Giant Reservoir Simulation},
  journal = 	 {SPE},
  year = 	 {2007},
  volume = 	 {106237}
}
%
@Article{cao_2005,
  author = 	 {H. Cao and H.A. Tchelepi and J. Wallis and H. Yardumian},
  title = 	 {Parallel Scalable Unstructured CPR-Type Linear Solver for Reservoir Simulation},
  journal = 	 {SPE},
  year = 	 {2005},
  volume = 	 {96809}
}
%
@Article{tureyen_2003,
  author = 	 {O.I Tureyen and J. Caers},
  title = 	 {A Two-Level Optimization Method for Geostatistical Integration of Production Data on Non-Uniform Grids},
  journal = 	 {SPE},
  year = 	 {2003},
  volume = 	 {84368}
}
%
@Article{lu_2008,
  author = 	 {P. Lu and J.S. Shaw and T.K. Eccles and I.D. Mishev and A.K. Usadi and B.L. Beckner},
  title = 	 {Adaptive Parallel Reservoir Simulation},
  journal = 	 {IPTC},
  year = 	 {2008},
  volume = 	 {IPTC 12199}
}
%
@Article{stuben_2007,
  author = 	 {K. Stuben and T. Clees and H. Klie and B. Lu and  M.F. Wheeler},
  title = 	 {Algebraic Multigrid Methods (AMG) for the Efficient Solution of Fully Implicit Formulations in Reservoir Simulation},
  journal = 	 {SPE},
  year = 	 {2007},
  volume = 	 {105832}
}
% 
@Article{geiger_2007,
  author = 	 {Black-Oil Simulations for Three-Component -– Three-Phase Flow in Fractured Porous Media},
  title = 	 {S. Geiger and S. Matthai and J. Niessner and R. Helmig},
  journal = 	 {SPE},
  year = 	 {2007},
  volume = 	 {107485}
}
%
@Article{matringe_2009,
  author = 	 {S.F. Matringe and R. Juanes and H.A. Tchelepi},
  title = 	 {Convergence of MPFA on hexahedra},
  journal = 	 {SPE},
  year = 	 {2009},
  volume = 	 {119203}
}
%
@Article{shiralkar_2005,
  author = 	 {G.S. Shiralkar and G.C. Fleming and J.W. Watts and T.W. Wong and B.K. Coats and R. Mossbarger and E. Robbana and A.H. Batten},
  title = 	 {Development and Field Application of a High Performance, Unstructured Simulator with Parallel Capability},
  journal = 	 {SPE},
  year = 	 {2005},
  volume = 	 {93080}
}
%
@Article{fung_2008,
  author = 	 {L.S.K. Fung and A.H. Dogru},
  title = 	 {Distributed Unstructured Grid Infrastructure for Complex Reservoir Simulation},
  journal = 	 {SPE},
  year = 	 {2008},
  volume = 	 {113906}
}
%
@Article{mlacnik_2004,
  author = 	 {M.J. Mlacnik and L.J. Durlofsky and Z.E. Heinemann},
  title = 	 {Dynamic Flow-Based PEBI Grids for Reservoir Simulation},
  journal = 	 {SPE},
  year = 	 {2004},
  volume = 	 {90009}
}
%
@Article{peter_2009,
  author = 	 {O. Peter},
  title = 	 {Understanding Dynamic Simulation Results},
  journal = 	 {SPE},
  year = 	 {2009},
  volume = 	 {128363}
}
%
@Article{lolon_2003,
  author = 	 {E.P. Lolon and D.A. McVay and S.K. Schubarth},
  title = 	 {Effect of Fracture Conductivity on Effective Fracture Length},
  journal = 	 {SPE},
  year = 	 {2003},
  volume = 	 {84311}
}
%
@Article{clees_2007,
  author = 	 {T. Clees and and L. Ganzer},
  title = 	 {An Efficient Algebraic Multigrid Solver Strategy for Adaptive Implicit Methods in Oil Reservoir Simulation},
  journal = 	 {SPE},
  year = 	 {2007},
  volume = 	 {105789}
}
%
@Article{beckner_2001,
  author = 	 {B.L. Beckner and J.M. Hutfilz and M.B. Ray and J.F. Tomich},
  title = 	 {EMpower : New Reservoir Simulation System},
  journal = 	 {SPE},
  year = 	 {2001},
  volume = 	 {68116}
}
%
@Article{gok_2005,
  author = 	 {I.M. Gok and M. Onur and F.J. Kuchuk},
  title = 	 {Estimating Formation Properties in Heterogeneous Reservoirs Using 3D Interval Pressure Transient Test and Geostatistical Data},
  journal = 	 {SPE},
  year = 	 {2005},
  volume = 	 {93672}
}
%
@Article{debaun_2005,
  author = 	 {D. DeBaun and T. Byer and P. Childs and J. Chen and F. Saaf and M. Wells and J. Liu and H. Cao and L. Pianelo and V. Tilakraj and P. Crumpton and and D. Walsh and H. Yardumian and R. Zorzynski and K.-T. Lim and M. Schrader and V. Zapata and J. Nolen and H. Tchelepi},
  title = 	 {An Extensible Architecture for Next Generation Scalable Parallel Reservoir Simulation},
  journal = 	 {SPE},
  year = 	 {2005},
  volume = 	 {93274}
}
%
@Article{fjerstad_2005,
  author = 	 {P.A. Fjerstad and A.S. Sikandar and H. Cao and J. Liu and W. Da Sie},
  title = 	 {Next Generation Parallel Computing for Large-Scale Reservoir Simulation},
  journal = 	 {SPE},
  year = 	 {2005},
  volume = 	 {97358}
}
%
@Article{dogru_2009,
  author = 	 {A.H. Dogru and L.S.K. Fung and U. Middya and T.M. Al-Shaalan and J.A. Pita and K. HemanthKumar and H.J. Su and J.C.T. Tan and H. Hoy and W.T. Dreiman and W.A. Hahn and R. Al-Harbi and A. Al-Youbi and N.M. Al-Zamel and M. Mezghani and T. Al-Mani},
  title = 	 {A Next-Generation Parallel Reservoir Simulator for Giant Reservoirs},
  journal = 	 {SPE},
  year = 	 {2009},
  volume = 	 {119272}
}
%
@Article{lim_2009,
  author = 	 {K-T. Lim and M-H. Hui and B. Mallison},
  title = 	 {A Next-Generation Reservoir Simulator as an Enabling Technology for a Complex Discrete Fracture Modeling Workflow},
  journal = 	 {SPE},
  year = 	 {S009},
  volume = 	 {124980}
}
%
@Article{king_2005,
  author = 	 {M.J. King and K.S. Burn and P. Wang and V. Muralidharan and F. Alvarado and X. Ma and A. Datta-Gupta},
  title = 	 {Optimal Coarsening of 3D Reservoir Models for Flow Simulation},
  journal = 	 {SPE},
  year = 	 {2005},
  volume = 	 {95759}
}
%
@Article{khait_2009,
  author = 	 {M.L. Khait},
  title = 	 {Efficient Parallel Reservoir Simulation Using Multicore Architectures},
  journal = 	 {SPE},
  year = 	 {2009},
  volume = 	 {119107}
}
%
@Article{yadecuri_2009,
  author = 	 {M.E. Yadecuri and H. Mahani},
  title = 	 {Unstructured Coarse Grid Generation for Reservoir Flow Simulation Using Background Grid Approach},
  journal = 	 {SPE},
  year = 	 {2009},
  volume = 	 {120170}
}
%

@Article{liu_2009,
  author = 	 {K. Liu and G. Subramanian and D.I. Dratler and J.P. Lebel and J.A. Yerian},
  title = 	 {A General Unstructured-Grid, Equation-of-State-Based, Fully Implicit Thermal Simulator for Complex Reservoir Processes},
  journal = 	 {SPE},
  year = 	 {2009},
  volume = 	 {106073}
}
%
@Article{oberkampf_2008,
  author = 	 {W.L. Oberkampf and T.G. Trucano},
  title = 	 {Verification and Validation Benchmarks},
  journal = 	 {Nuclear Engineering and Design},
  year = 	 {2008},
  volume = 	 {238},
  pages = 	 {716-743},
}
%
@Article{pavlas_2001,
  author = 	 {E.J. Pavlas},
  title = 	 {MPP Simulation of Complex Water Encronchment in a Large Carbonate Reservoir},
  journal = 	 {SPE},
  year = 	 {2001},
  volume = 	 {71628}
}
%
@Article{dogru_2008,
  author = 	 {A.H. Dogru},
  title = 	 {From Mega-Cell to Giga-Cell Reservoir Simulation},
  journal = 	 {SPE},
  year = 	 {2008},
  volume = 	 {116675}
}
%
@Article{young_1983,
  author = 	 {L.C. Young and R.E. Stenphenson},
  title = 	 {A Generalised Compositional Approach for Reservoir Simulation},
  journal = 	 {SPE Journal},
  year = 	 {1983},
  pages = 	 {727-743},
  month = 	 {October}
}

%
@Article{ham_2009,
  author = 	 {D.A. Ham and P.E. Farrell and G.J. Gorman and J.R. Maddison and C.R. Wilson and S.C. Kramer and J. Shipton and G.S. Collins and C.J. Cotter and M.D. Piggott},
  title = 	 {Spud 1.0: generalising and automating the user interfaces of scientific computer models},
  journal = 	 {Geoscientific Model Development},
  year = 	 {2009},
  volume = 	 {2},
  pages = 	 {33-42}
}
%
@Article{cotter_2009,
  author = 	 {C.J. Cotter and D.A. Ham and C.C. Pain and S. Reich},
  title = 	 {LBB stability of a mixed Galerkin finite element pair for fluid flow simulations},
  journal = 	 {Journal of Computational Physics},
  year = 	 {2009},
  volume = 	 {228},
  pages = 	 {336-348}
}
%
@Article{siqueira_2007,
  author = 	 {C. Siqueira},
  title = 	 {New Tool on the Way},
  journal = 	 {Brasil Energy},
  year = 	 {2007},
  month = 	 {January},
  note = 	 {http://www.energiahoje.com/brasilenergy/2007/03/01/23162/new-tool-on-the-way.html}
}
%
@Article{dogru_2002,
  author = 	 {A.H. Dogru},
  title = 	 {A Parallel Reservoir Simulator for Large-Scale Reservoir Simulation},
  journal = 	 {SPE Reservoir Evaluation $\&$ Engineering Journal},
  year = 	 {2002},
  pages = 	 {11-23}
}
%  
@Article{gomes_2001,
  author = 	 {J.L.M.A. Gomes and L.N. Hendersen and M.C.G. Rocha},
  title = 	 {Modelling the Vapor-Liquid Equilibrium of Polymer Solutions Using a Cubic Equation of State},
  journal = 	 {Macromolecular Theory and Simulations},
  year = 	 {2001}
  volume = 	 {10},
  pages = 	 {816-826}
}
%
@article{nghiem_1983,
        author={L.X. Nghiem and K. Aziz and Y.K. Li},
        title={A Robust Iterative Method For Flash Calculations Using The Soave-Riedlich Kwong Or The Peng-Robinson Equation Of State},
        journal={SPE Journal},
        number={8285},
        volume={ },
        pages={521-530},
        year={1983}
       }
%
@article{peng_1976,
        author={D.Y. Peng and D.B. Robinson},
        title={A New Two-Constant Equation Of State},
        journal={Ind. Eng. Chem. Fund.},
        volume= {15},
        pages={59-64},
        year={1976}
        }
%
@article{soave_1972,
        author={G. Soave},
        title={Equilibrium Constants from a Modified Redlich-Kwong Equation of State},
        journal={Chem. Eng. Sci.},
        volume= {27},
        pages={1197-1201},
        year={1972}
       }
%
@Article{han_2005,
  author = 	 {C. Han and M. Delshad and K. Sepehrnoori and G.A. Pope},
  title = 	 {A Fully Implicit, Parallel, Compositional Chemical Flooding Simulator},
  journal = 	 {SPE},
  year = 	 {2005},
  volume = 	 {97217}
}
%
@Article{li_2006,
  author = 	 {W. Li and Z. Chen and G. Huan and X. Sun},
  title = 	 {Comparison of GMRES and ORTHOMIN for the black oil model on unstructured grids},
  journal = 	 {International Journal for Numerical Methods in Fluids},
  year = 	 {2006},
  volume = 	 {52},
  pages = 	 {941-962}
}
%
@Article{fung_1992,
  author = 	 {L.S.K. Fung and A.D. Hiebert and L.X. Nghiem},
  title = 	 {Reservoir Simulation with Control-Volume Finite Element Method},
  journal = 	 {SPE Reservoir Engineering},
  year = 	 {1992},
  volume = 	 {21224}
}
%
@Article{forsyth_1990,
  author = 	 {P.A. Forsyth},
  title = 	 {A Control Volume, Finite Element Method for Local Mesh Refinement in Thermal Reservoir Simulation},
  journal = 	 {SPE Resevoir Engineering},
  year = 	 {1990},
  volume = 	 {18415}
}
%
@Article{matthai_2005,
  author = 	 {S.K. Matthai and A. Mezentsev and M. Belayneh},
  title = 	 {Control-Volume Finite Element Two-Phase Flow Experiments with Fractured Rock Represented by Unstructured 3D Hybrid Meshes},
  journal = 	 {SPE},
  year = 	 {2005},
  volume = 	 {93341}
}
%
@Article{eymard_1994,
  author = 	 {R. Eymard and F. Sonier},
  title = 	 {Mathematical and Numerical Properties of Control-Volume, Finite-Element Scheme for Reservoir Simulation},
  journal = 	 {SPE},
  year = 	 {1994},
  volume = 	 {25267}
}
%
@Article{hurtado_2007,
  author = 	 {F.S.V. Hurtado and C.R. Maliska and A.F.C. Silva and J. Cordazzo},
  title = 	 {A Quadrilateral Finite Element-Based  Finite-Volume Formulation for the Simulation of Complex Reservoirs},
  journal = 	 {SPE},
  year = 	 {2007},
  volume = 	 {107444}
}
%
@Article{matthai_2007,
  author = 	 {S.K. Matthai and A. Mezentsev and M. Belayneh},
  title = 	 {Finite Element-Node Centered Finite-Volume Two-Phase Flow Experiments with Fractured Rock Represented by Unstructured Hybrid Element Meshes},
  journal = 	 {SPE},
  year = 	 {2007},
  volume = 	 {93341}
}
%
@Article{hirasaki_1970,
  author = 	 {G.J. Hirasaki and P.M. O'Dell},
  title = 	 {Representation of Reservoir Geometry for Numerical Simulation}, 
  journal = 	 {SPE},
  year = 	 {1970},
  pages = 	 {393-404}
}
% 
@Article{pedrosa_1986,
  author = 	 {O.A. Pedrosa Jr. and K. Aziz},
  title = 	 {Use of a Hybrid Grid in Reservoir Simulation},
  journal = 	 {SPE Reservoir Engineering},
  year = 	 {1986},
  pages = 	 {611-621},
  month = 	 {November}
}

@Article{lemonnier_2010,
  author = 	 {P. Lemonnier and B. Bourbiaux},
  title = 	 {Simulation of Naturally Fractured Reservoirs: State of the Art -- Part 1: Physical Mechanisms and Simulator Formulation},
  journal = 	 {Oil $\&$ Gas Science and Technology -- Rev. IFP},
  year = 	 {2010},
  volume = 	 {65},
  OPTpages = 	 {239-262}
}
%
@Article{pruess_1990b,
  author = 	 {K. Pruess},
  title = 	 {Modeling of geothermal reservoirs: fundamental processes, computer simulations and field applications},
  journal = 	 {Geothermics},
  year = 	 {1990},
  volume = 	 {19},
  pages = 	 {3-15}
}
%
@Article{spycher_2003,
  author = 	 {N. Spycher and K. Pruess and J. Ennis-King},
  title = 	 {CO2-H2O mixtures in the geological sequestration of CO2. II. Assessment and calculation of mutual solubilities from 12 to 100$^o$ C and up to 600 bar},
  journal = 	 {Geochim. Cosmochim. Acta},
  year = 	 {2003},
  volume = 	 {67},
  number = 	 {16},
  pages = 	 {2015-3031}
}

%%%
%%%  CONFERENCES
%%%
@InProceedings{ayodele_2004,
  author = 	 {O.R. Ayodele and R.G. Bentsen and L.B Cunha},
  title = 	 {Experimental and Numerical Quantification  and Verification of Interfacial Coupling in Two-Phase Porous Media Flow},
  booktitle = {Proceedings of the V Canadian International Petroleum Conference},
  year = 	 {2004},
  number = 	 {2004-015}
}
%
@InProceedings{agustsson_1999,
  author = 	 {H. Agustsson and L.K. Stroenen and O.A. Solheim},
  title = 	 {The GullfaksField: Creating Value by means of a Multidisciplinary Reservoir Management Approach},
  booktitle = {1999 Offshore Technology Conference},
  number = 	 {OTC 10739},
  address = 	 {Houston, Texas},
  month = 	 {May}
}
%
@InProceedings{fung_2005,
  author = 	 {L.S. Fung and T.M. Al-Shaalan},
  title = 	 {Parallel Iterative Solver for the Dual Porosity Dual Permeability System in Fractured Reservoir Simulation},
  booktitle = {Proceedings of the International Petroleum Technology Conference},
  number = 	 {10343},
  address = 	 {Doha, Qatar},
  month = 	 {November},
  organization = {IPTC}
}
%
@InProceedings{rosenberg_1982,
  author=        {D. von Rosenberg},
  title = 	 {Local Mesh Refinement for Finite Difference Methods},
  year = 	 {1982},
  booktitle = {Annual Technical Conference and Exhibition},
  number = 	 {10974},
  address = 	 {New Orleans, USA},
  month = 	 {September},
  organization = {SPE}
}
%
@InProceedings{heinemann_1983,
  author = 	 {Z.E. Heinemann and G. Gerken and G. von Hantelmann},
  title = 	 {Using Local Grid Refinement in a Multiple-Application Reservoir Simulator},
  booktitle = {Reservoir Simulation Symposium},
  number = 	 {12255},
  address = 	 {San Francisco, USA},
  month = 	 {November}
}
%
@InProceedings{fleming_1987,
  author = 	 {G.C. Fleming},
  title = 	 {Modeling the Performance of Fractured Wells in Pattern Floods Using Orthogonal, Curvilinear Grids},
  booktitle = {Annual Technical Conference and Exhibition},
  year = 	 {1987},
  number = 	 {16973},
  address = 	 {Dallas, USA},
  month = 	 {September}
}
%
@InProceedings{parashar_1997,
  author = 	 {M. Parashar and J.A. Wheeler and G.A. Pope and K. Wang and P. Wang},
  title = 	 {A Neew Generation EOS CompositionalReservoir Simulator. Part II: Framework and Multiprocessing},
  booktitle = {SPE Reservoir Simulation Symposium},
  year = 	 {1997},
  number = 	 {37977},
  address = 	 {Dallas, USA},
  month = 	 {June}
}
%
@InProceedings{pruess_1990,
  author = 	 {K. Pruess},
  title = 	 {Overview of TOUGH2, A General-Purpose Numerical Simulator for Multiphase Nonisothermal Flow},
  booktitle = {Proceedings of the TOUGH Workshop},
  pages = 	 {89-98},
  year = 	 {1990},
  ddress = 	 {Berkeley, USA},
  month = 	 {September},
  organization = {Lawrence Berkeley Laboratory}
}

%%%
%%% REPORTS
%%%
%
@TechReport{porosity_documentation,
  author = 	 {J.L.M.A. Gomes and C.C. Pain and A. El-Sheik and T. LaForce and A. Abushaikha and M. Gulamali and G. Gorman and M.D. Piggott},
  title = 	 {POROSITY: A New State-of-Art Unstructured Adaptive-Mesh Reservoir Model -- Developers' Documentation},
  organization = {Applied Modelling and Computation Group -- \amcg},
  month = 	 {August},
  year = 	 {2010}
}
%
@Manual{fluidity_manual,
  title = 	 {A User's Guide for the \fluidity Model},
  organization = {Applied Modelling and Computation Group -- \amcg},
  month = 	 {July},
  year = 	 {2010}
}
%
@TechReport{cmg_2010,
  author = 	 {CMG},
  title = 	 {Annual Report --  Fiscal 2010},
  institution =  {Computer Modelling Group Ltd.},
  year = 	 {2010},
  address = 	 {Alberta, Canada}
}
%
@TechReport{durlofsky_2004,
  author = 	 {L.J. Durlofsky and K. Aziz},
  title = 	 {Advanced Techniques for Reservoir Simulation and Modeling of Nonconventional Wells},
  institution =  {Department of Petroleum Engineering, Stanford University},
  year = 	 {2004},
  number = 	 {DE-AC26-99BC15213},
  address = 	 {Stanford, USA},
  month = 	 {August}
}
%
@TechReport{tough2_manual,
  author = 	 {K. Pruess and C. Oldenburg and G. Moridis},
  title = 	 {TOUGH2 User's Guide, Version 2.0},
  institution =  {Lawrence Berkeley National Laboratory},
  year = 	 {1999},
  number = 	 {Report LBNL-43134},
  address = 	 {Berkeley, USA},
  month = 	 {November}
}
%
@TechReport{tough2_1997,
  author = 	 {K. Pruess and S. Finsterle and G. Moridis and C. Oldenburg and Y.S. Wu},
  title = 	 {General-Purpose Reservoir Simulators: The TOUGH2 Family},
  institution =  {GRC Bulletin},
  year = 	 {1997},
  number = 	 {Report LBL-40140},
  month = 	 {February}
}
%
@TechReport{pruess_1990c,
  author = 	 {K. Pruess},
  title = 	 {Numerical modeling of gas migration at a proposed repository for low and intermediate level nuclear wastes},
  institution =  {Lawrence Berkeley Laboratory},
  year = 	 {1990},
  number = 	 {Report LBL-25413},
  address = 	 {Berkeley, USA}
}

%